% ================= 03-lifecycle.tex =================
% \citebutton{CRISP-DM}{https://en.wikipedia.org/wiki/Cross-industry_standard_process_for_data_mining}
@article{CRISP,
    title  = {CRISP-DM},
    year   = {},
    url    = {https://en.wikipedia.org/wiki/Cross-industry_standard_process_for_data_mining}
}

% \citebutton{Gebru et al., 2018}{https://arxiv.org/abs/1803.09010}
@article{GEBRU2018,
    title  = {Gebru et al},
    year   = {2018},
    url    = {https://arxiv.org/abs/1803.09010}
}

% \citebutton{The Guardian, 2018}{https://www.theguardian.com/technology/2018/oct/10/amazon-hiring-ai-gender-bias-recruiting-engine}
@article{GUARDIAN2018,
    title  = {The Guardian},
    year   = {2018},
    url    = {https://www.theguardian.com/technology/2018/oct/10/amazon-hiring-ai-gender-bias-recruiting-engine}
}

% \citebutton{Mitchell et al. 2019}{https://arxiv.org/pdf/1810.03993.pdf}
@article{MITCHELL2019,
    title  = {Mitchell et al.},
    year   = {2019},
    url    = {https://arxiv.org/pdf/1810.03993.pdf}
}

% \citebutton{Kaggle Datasets}{https://www.kaggle.com/datasets/samithsachidanandan/netflix-stock-price-2002-2025}
@article{KAGGLE2025,
    title  = {Kaggle Datasets},
    year   = {2025},
    url    = {https://www.kaggle.com/datasets/samithsachidanandan/netflix-stock-price-2002-2025}
}

% \citebutton{Hydra}{https://hydra.cc}
@article{HYDRA,
    title  = {Hydra},
    year   = {},
    url    = {https://hydra.cc}
}

% \citebutton{R config package}{https://cran.r-project.org/package=config}
@article{RCONFIG,
    title  = {R config package},
    year   = {},
    url    = {https://cran.r-project.org/package=config}
}

% \citebutton{MLflow}{https://mlflow.org/}
@article{MLFLOW,
    title  = {MLflow},
    year   = {},
    url    = {https://mlflow.org/}
}

% \citebutton{Hidden Technical Debt in ML Systems}{https://papers.nips.cc/paper/5656-hidden-technical-debt-in-machine-learning-systems.pdf}
@article{HIDDENDEBT,
    title  = {Hidden Technical Debt in ML Systems},
    year   = {},
    url    = {https://papers.nips.cc/paper/5656-hidden-technical-debt-in-machine-learning-systems.pdf}
}
