% ================= 04-perf-eval-01-calibration-discrimination.tex =================
% \citebutton{Filho et al. (2023)}{https://link.springer.com/article/10.1007/s10994-023-06336-7/figures/3}
@article{FILHO2023,
    title  = {Filho et al},
    year   = {2023},
    url    = {https://link.springer.com/article/10.1007/s10994-023-06336-7/figures/3}
}

% \citebutton{Niculescu-Mizil et al., 2005}{https://www.cs.cornell.edu/~alexn/papers/calibration.icml05.crc.rev3.pdf}
@article{MIZIL2005,
    title  = {Niculescu-Mizil et al.},
    year   = {2005},
    url    = {https://www.cs.cornell.edu/~alexn/papers/calibration.icml05.crc.rev3.pdf}
}

% \citebutton{Kull et al., 2017 }{http://proceedings.mlr.press/v54/kull17a/kull17a.pdf}
@article{KULL2017,
    title  = {Kull et al.},
    year   = {2017},
    url    = {http://proceedings.mlr.press/v54/kull17a/kull17a.pdf}
}

% \citebutton{Eskandar, 2023}{https://medium.com/@eskandar.sahel/applying-calibration-techniques-to-improve-probabilistic-predictions-in-machine-learning-models-c175c2e38ffc}
@article{ESKANDAR2023,
    title  = {Eskandar},
    year   = {2023},
    url    = {https://medium.com/@eskandar.sahel/applying-calibration-techniques-to-improve-probabilistic-predictions-in-machine-learning-models-c175c2e38ffc}
}
