% ================= 09-imbalancy-corr references =================

% \citebutton{Chapter 04.08 in I2ML}{https://slds-lmu.github.io/i2ml/chapters/04_evaluation/04-08-measures-classification/}
@article{I2ML-CLASSIFICATION-MEASURES,
    title  = {Chapter 04.08 in I2ML},
    year   = {},
    url    = {https://slds-lmu.github.io/i2ml/chapters/04_evaluation/04-08-measures-classification/}
}

% \citebutton{Elkan et al.}{https://dl.acm.org/doi/10.5555/1642194.1642224}
@article{ELKAN2001,
    title  = {Elkan et al.},
    year   = {2001},
    url    = {https://dl.acm.org/doi/10.5555/1642194.1642224}
}

% \citebutton{Sheng et al.}{https://www.aaai.org/Library/AAAI/2006/aaai06-076.php}
@article{SHENG2006,
    title  = {Sheng et al.},
    year   = {2006},
    url    = {https://www.aaai.org/Library/AAAI/2006/aaai06-076.php}
}

% \citebutton{Lin et al.}{https://proceedings.mlr.press/v39/lin14.pdf}
@article{LIN2014-CSOVO,
    title  = {Lin et al.},
    year   = {2014},
    url    = {https://proceedings.mlr.press/v39/lin14.pdf}
}


% \citebutton{Herrera}{https://sci2s.ugr.es/sites/default/files/files/TutorialsAndPlenaryTalks/SSTiC-Trends in-Classification-Imbalanced-data-sets.pdf}
@article{HERRERA2013,
    title  = {Herrera},
    year   = {2013},
    url    = {https://sci2s.ugr.es/sites/default/files/files/TutorialsAndPlenaryTalks/SSTiC-Trends in-Classification-Imbalanced-data-sets.pdf}
}

% \citebutton{Adversarial Effects of Imbalanced Data Treatment}{https://arxiv.org/abs/2404.19494}
@article{BISCHL2024-ADVERSARIAL,
    title  = {Adversarial Effects of Imbalanced Data Treatment},
    year   = {2024},
    url    = {https://arxiv.org/abs/2404.19494}
}

% \citebutton{Critical Analysis of SMOTE}{https://arxiv.org/abs/2201.08528}
@article{VANHULSE2022-SMOTE,
    title  = {Critical Analysis of SMOTE},
    year   = {2022},
    url    = {https://arxiv.org/abs/2201.08528}
}