% ================= slides-ensembles-averaging.tex =================
% \citebutton{Caruana et al., 2004}{https://www.cs.cornell.edu/~alexn/papers/shotgun.icml04.revised.rev2.pdf}
@article{CARUANA2004,
    title  = {Caruana et al.},
    year   = {2004},
    url    = {https://www.cs.cornell.edu/~alexn/papers/shotgun.icml04.revised.rev2.pdf}
}

% \citebutton{Dietterich (2000)}{https://link.springer.com/content/pdf/10.1007/3-540-45014-9_1.pdf?pdf}
@article{DIETTERICH2000,
    title  = {Dietterich},
    year   = {2000},
    url    = {https://link.springer.com/content/pdf/10.1007/3-540-45014-9_1.pdf?pdf}
}

% ================= slides-ensembles-stacking.tex =================
% \citebutton{Wolpert (1992)}{https://www.sciencedirect.com/science/article/abs/pii/S0893608005800231}
@article{WOLPERT1992,
    title  = {Wolpert},
    year   = {1992},
    url    = {https://www.sciencedirect.com/science/article/abs/pii/S0893608005800231}
}

% \citebutton{Ting and Witten, 1999}{https://dl.acm.org/doi/10.5555/1622859.1622868}
@article{TINGWITTEN1999,
    title  = {Ting and Witten},
    year   = {1999},
    url    = {https://dl.acm.org/doi/10.5555/1622859.1622868}
}
