% ================= slides-openml.tex =================
% \citebutton{OpenML.org}{https://www.openml.org}
@misc{OPENML,
    title  = {OpenML.org},
    url    = {https://www.openml.org}
}

% \citebutton{Bischl et al. (NeurIPS 2021)}{https://datasets-benchmarks-proceedings.neurips.cc/paper/2021/hash/c7e1249ffc03eb9ded908c236bd1996d-Abstract-round2.html}
@article{BISCHL2021,
    title  = {Bischl et al.},
    year   = {2021},
    url    = {https://datasets-benchmarks-proceedings.neurips.cc/paper/2021/hash/c7e1249ffc03eb9ded908c236bd1996d-Abstract-round2.html}
}

% \citebutton{Fischer et al. (NeurIPS 2023)}{https://openreview.net/forum?id=HebAOoMm94}
@article{FISCHER2023,
    title  = {Fischer et al.},
    year   = {2023},
    url    = {https://openreview.net/forum?id=HebAOoMm94}
}

% \citebutton{Gijsbers et al. (JMLR 2024)}{https://www.jmlr.org/papers/v25/22-0493.html}
@article{GIJSBERS2024,
    title  = {Gijsbers et al.},
    year   = {2024},
    url    = {https://www.jmlr.org/papers/v25/22-0493.html}
}
