@article{LEMORVAN2024,
  author={Le Morvan and Varoquaux},
  year={2024},
  url={https://arxiv.org/pdf/2407.19804}
}

@misc{CARUANA2024,
  title={Rich Caruana's talk at AutoML Conference},
  year={2024},
  url={https://www.youtube.com/watch?v=5mH7Fyy5wQY}
}
